@book{key1,
  title     = {数学分析习题课讲义},
  author    = {谢惠民 and 恽自求 and 易法槐 and 钱定边},
  publisher = {高等教育出版社},
  year      = {2003},
  address   = {北京},
  volume    = {上册}
}

@book{key2,
  title     = {数学分析习题课讲义},
  author    = {谢惠民 and 恽自求 and 易法槐 and 钱定边},
  publisher = {高等教育出版社},
  year      = {2003},
  address   = {北京},
  volume    = {下册}
}

@book{key3,
  title     = {数学分析},
  author    = {徐森林 and 薛春华},
  publisher = {清华大学出版社},
  year      = {2005}
}

@book{key4,
  title     = {数学分析中的典型问题与方法},
  author    = {裴礼文},
  publisher = {科学出版社},
  year      = {2006}
}

@book{key5,
  title     = {数学分析教程. 上册},
  author    = {常庚哲 and 史济怀},
  publisher = {高等教育出版社},
  year      = {2003}
}

@book{key6,
  title     = {数学分析教程. 下册},
  author    = {常庚哲 and 史济怀},
  publisher = {高等教育出版社},
  year      = {2003}
}

@book{key7,
  title     = {数学分析中的问题与方法},
  author    = {李傅山},
  publisher = {科学出版社},
  year      = {2016}
}

@book{key8,
  title     = {Discrete Chaos: With Applications in Science and Engineering},
  author    = {Elaydi, Saber N},
  publisher = {Chapman and Hall/CRC},
  year      = {2007}
}
