@book{key1,
  title={数学分析习题课讲义. 上册},
  author={谢惠民 and 恽自求 and 易法槐 and 钱定边},
  publisher={高等教育出版社},
  year={2003},
}

@book{key2,
  title={数学分析习题课讲义. 下册},
  author={谢惠民 and 恽自求 and 易法槐 and 钱定边},
  publisher={高等教育出版社},
  year={2003},
}

@book{key3,
  title     = {数学分析},
  author    = {徐森林 and 薛春华},
  publisher = {清华大学出版社},
  year      = {2005}
}

@book{key4,
  title     = {数学分析中的典型问题与方法},
  author    = {裴礼文},
  publisher = {科学出版社},
  year      = {2006}
}

@book{key5,
  title     = {数学分析教程. 上册},
  author    = {常庚哲 and 史济怀},
  publisher = {高等教育出版社},
  year      = {2003}
}

@book{key6,
  title     = {数学分析教程.下册},
  author    = {常庚哲 and 史济怀},
  publisher = {高等教育出版社},
  year      = {2003}
}

@book{key7,
  title     = {数学分析中的问题与方法},
  author    = {李傅山},
  publisher = {科学出版社},
  year      = {2016}
}

@book{key8,
  title={微分几何(第4版)},
  author={梅向明 and 黄敬之},
  publisher={高等教育出版社},
  year={2008},
}

@book{key9,
  title={高等数学.第6版},
  author={同济大学数学系},
  publisher={高等教育出版社},
  year={2007},
}
@book{key10,
  title={微积分学教程(第3卷)(第8版)},
  author={菲赫金哥尔茨},
  publisher={高等教育出版社},
  year={2009},
}
@book{key11,
  title={数学分析. 第2册},
  author={徐森林 and 薛春华},
  publisher={清华大学出版社},
  year={2006},
}
@book{key12,
  title={数学分析新讲:重排本. 第三册},
  author={张筑生},
  publisher={北京大学出版社},
  year={2021},
}
@book{13,
  title={泛函分析讲义.上册},
  author={张恭庆 and 林源渠},
  publisher={北京大学出版社},
  year={2005},
}
@book{14,
  title={代数拓扑学基础教程},
  author={ Munkre, J. R. },
  publisher={河北教育出版社},
  year={1991},
}
@book{15,
  title={自然哲学之数学原理},
  author={伊萨克·牛顿},
  publisher={陕西人民出版社},
  year={2001},
}
@book{16,
  title={吉米多维奇数学分析习题集题解.第三册},
  author={费定晖 and 周学圣},
  publisher={山东科学技术出版社},
  year={2012},
}
@book{17,
  title={数学分析.第2版},
  author={卓里奇},
  publisher={高等教育出版社},
  year={2006},
}